@article{PBE,
%   title = {Generalized Gradient Approximation Made Simple},
  author = {Perdew J. Burke K. Ernzerhof M.},
  journal = {Phys. Rev. Lett.},
  volume = {\textbf{77}},
  issue = {18},
%   pages = {3865--3868},
%   numpages = {0},
%   year = {1996},
%   month = {Oct},
%   publisher = {American Physical Society},
   doi = {10.1103/PhysRevLett.77.3865},
%   url = {https://link.aps.org/doi/10.1103/PhysRevLett.77.3865},
keywords  = {Print Reference},
}
@article{PBE2,
%   title = {Generalized gradient approximation for the exchange-correlation hole of a many-electron system},
  author = {Perdew J. Burke K. Wang Y.},
  journal = {Phys. Rev. B},
  volume = {\textbf{54}},
  issue = {23},
%   pages = {16533--16539},
%   numpages = {0},
%   year = {1996},
%   month = {Dec},
%   publisher = {American Physical Society},
  doi = {10.1103/PhysRevB.54.16533},
%   url = {https://link.aps.org/doi/10.1103/PhysRevB.54.16533},
keywords  = {Print Reference},
}
@article{DFT+Uformulation,
%   title = {Density-functional theory and strong interactions: Orbital ordering in Mott-Hubbard insulators},
  author = {Liechtenstein A. Anisimov V. Zaanen J.},
  journal = {Phys. Rev. B},
  volume = {\textbf{52}},
  issue = {8},
%   pages = {R5467--R5470},
%   numpages = {0},
%   year = {1995},
%   month = {Aug},
%   publisher = {American Physical Society},
   doi = {10.1103/PhysRevB.52.R5467},
%   url = {https://link.aps.org/doi/10.1103/PhysRevB.52.R5467},
keywords  = {Print Reference},
}
@article{Duradev,
%   title = {Electron-energy-loss spectra and the structural stability of nickel oxide:  An LSDA+U study},
  author = {Dudarev S. et al.},
  journal = {Phys. Rev. B},
  volume = {\textbf{57}},
  issue = {3},
%   pages = {1505--1509},
%   numpages = {0},
%   year = {1998},
%   month = {Jan},
%   publisher = {American Physical Society},
   doi = {10.1103/PhysRevB.57.1505},
%   url = {https://link.aps.org/doi/10.1103/PhysRevB.57.1505},
keywords  = {Print Reference},
}
@article{OGDFT+U,
%   title = {Band theory and Mott insulators: Hubbard U instead of Stoner I},
  author = {Anisimov V. Zaanen J. Andersen O.},
  journal = {Phys. Rev. B},
  volume = {\textbf{44}},
  issue = {3},
%   pages = {943--954},
%   numpages = {0},
%   year = {1991},
%   month = {Jul},
%   publisher = {American Physical Society},
    doi = {10.1103/PhysRevB.44.943},
%   url = {https://link.aps.org/doi/10.1103/PhysRevB.44.943},
keywords  = {Print Reference},
}
@book{DFT+Ubook,
  title={Correlated Electrons: From Models to Materials
  Modeling and Simulation Vol. 2},
  author={Pavarini E. Koch E. Anders F. Jarrell M.},
  isbn={978-3-89336-796-2},
  year={2012},
  publisher={Verlag des Forschungszentrum JÃ¼lich},
  keywords  = {Print Reference},
  url = {http://hdl.handle.net/2128/4611},
%   keywords = {physics}
}
@article{PBEfxc,
%   title = {Atoms, molecules, solids, and surfaces: Applications of the generalized gradient approximation for exchange and correlation},
  author = {Perdew J. et al.},
  journal = {Phys. Rev. B},
  volume = {\textbf{46}},
  issue = {11},
%   pages = {6671--6687},
%   numpages = {0},
%   year = {1992},
%   month = {Sep},
%   publisher = {American Physical Society},
    doi = {10.1103/PhysRevB.46.6671},
%   url = {https://link.aps.org/doi/10.1103/PhysRevB.46.6671},
keywords  = {Print Reference},
}
@article{HKt1,
%   title = {Inhomogeneous Electron Gas},
  author = {Hohenberg P. Kohn W.},
  journal = {Phys. Rev.},
  volume = {\textbf{136}},
  issue = {3B},
%   pages = {B864--B871},
%   numpages = {0},
%   year = {1964},
%   month = {Nov},
%   publisher = {American Physical Society},
   doi = {10.1103/PhysRev.136.B864},
%   url = {https://link.aps.org/doi/10.1103/PhysRev.136.B864},
keywords  = {Print Reference},
}
@article{KSeq,
%   title = {Self-Consistent Equations Including Exchange and Correlation Effects},
  author = {Kohn W. Sham L.},
  journal = {Phys. Rev.},
  volume = {\textbf{140}},
  issue = {4A},
%   pages = {A1133--A1138},
%   numpages = {0},
%   year = {1965},
%   month = {Nov},
%   publisher = {American Physical Society},
   doi = {10.1103/PhysRev.140.A1133},
%   url = {https://link.aps.org/doi/10.1103/PhysRev.140.A1133},
keywords  = {Print Reference},
}
@article{HUBgood,
% title = {Recent breakthroughs in two-dimensional van der Waals magnetic materials and emerging applications},
journal = {Nano Today},
volume = {\textbf{34}},
% pages = {100902},
year = {2020},
% issn = {1748-0132},
doi = {10.1016/j.nantod.2020.100902},
% url = {https://www.sciencedirect.com/science/article/pii/S1748013220300712},
author = {Khan Y. et al.},
keywords  = {Print Reference},
% keywords = {Two-Dimensional Materials, Magnetism, Synthesis, Characterizations, Applications, Spintronics},
}
@MISC{dftProcedure,
    TITLE = {What is nscf calculation in Quantum ESPRESSO?},
    AUTHOR = {Jack (https://mattermodeling.stackexchange.com/users/1218/jack)},
    % HOWPUBLISHED = {Matter Modeling Stack Exchange},
    % NOTE = {URL:https://mattermodeling.stackexchange.com/q/3649 (version: 2020-10-28)},
    % EPRINT = {https://mattermodeling.stackexchange.com/q/3649},
    URL = {https://mattermodeling.stackexchange.com/q/3649},
    keywords  = {Figure},
}
@article{Edc_general,
%   title = {Local-density functional and on-site correlations: The electronic structure of ${\mathrm{La}}_{2}$${\mathrm{CuO}}_{4}$ and ${\mathrm{LaCuO}}_{3}$},
  author = {Czy\ifmmode\dot{z}\else\.{z}\fi{}yk M. Sawatzky G.},
  journal = {Phys. Rev. B},
  volume = {\textbf{49}},
  issue = {20},
%   pages = {14211--14228},
%   numpages = {0},
%   year = {1994},
%   month = {May},
%   publisher = {American Physical Society},
  doi = {10.1103/PhysRevB.49.14211},
%   url = {https://link.aps.org/doi/10.1103/PhysRevB.49.14211},
  keywords  = {Print Reference},
}
@article{Hubmodel,
%   title={Electron correlations in narrow energy bands},
  author={Hubbard J.},
  journal={Proc. R. Soc. Lond. A},
  year={1963},
  volume={\textbf{276}},
%   pages={238 - 257}
  doi = {10.1098/rspa.1963.0204},
  keywords  = {Print Reference},
}
